<?xml version="1.0" encoding="UTF-8"?><record xmlns="http://www.loc.gov/MARC21/slim" xmlns:cinclude="http://apache.org/cocoon/include/1.0" xmlns:zs="http://www.loc.gov/zing/srw/">
  <leader>00757cz  a2200157n  4500</leader>
  <controlfield tag="001">n  88676157 </controlfield>
  <controlfield tag="003">DLC</controlfield>
  <controlfield tag="005">20130124074750.0</controlfield>
  <controlfield tag="008">881122n| acannaab           |a and      </controlfield>
  <datafield tag="010" ind1=" " ind2=" ">
    <subfield code="a">n  88676157 </subfield>
  </datafield>
  <datafield tag="040" ind1=" " ind2=" ">
    <subfield code="a">DLC</subfield>
    <subfield code="c">DLC</subfield>
    <subfield code="d">DLC</subfield>
  </datafield>
  <datafield tag="110" ind1="2" ind2=" ">
    <subfield code="a">Anti-Imperialist League (Washington, D.C.)</subfield>
  </datafield>
  <datafield tag="410" ind1="2" ind2=" ">
    <subfield code="a">Antiimperialistischer Bund (Washington, D.C.)</subfield>
  </datafield>
  <datafield tag="410" ind1="2" ind2=" ">
    <subfield code="a">Anti-Imperialist League of Washington, D.C.</subfield>
  </datafield>
  <datafield tag="670" ind1=" " ind2=" ">
    <subfield code="a">nuc88-81799: Its Antiimperialistischer Bund [MI] 1899</subfield>
    <subfield code="b">(hdg. on CtY rept.: Anti-Imperialist League, Washington, D.C.)</subfield>
  </datafield>
  <datafield tag="670" ind1=" " ind2=" ">
    <subfield code="a">Library of Congress Manuscript Division for the W.A. Croffut papers, 1813-1933</subfield>
    <subfield code="b">(Anti-Imperialist League of Washington, D.C.; originals of minutes and records pertaining to the founding and organization of the league)</subfield>
  </datafield>
</record>